@article{notsoshort,
  title={The Not So Short Introduction to LATEX 2},
  author={Oetiker, Tobias and Partl, Hubert and Hyna, Irene and Schlegl, Elisabeth},
  journal={Or LATEX 2d in},
  volume={69},
  year={2011},
  publisher={Citeseer}
}

@article{greenwade93,
    author  = "George D. Greenwade",
    title   = "The {C}omprehensive
    {T}ex {A}rchive {N}etwork ({CTAN})",
    year    = "1993",
    journal = "TUGBoat",
    volume  = "14",
    number  = "3",
    pages   = "342--351"
}